<?xml version="1.0" encoding="UTF-8"?><record xmlns="http://www.loc.gov/MARC21/slim" xmlns:cinclude="http://apache.org/cocoon/include/1.0" xmlns:zs="http://www.loc.gov/zing/srw/">
  <leader>00696nz  a2200193n  4500</leader>
  <controlfield tag="001">no2001052862</controlfield>
  <controlfield tag="003">DLC</controlfield>
  <controlfield tag="005">20010707071111.0</controlfield>
  <controlfield tag="008">010706n| acannaabn          |a aac     c</controlfield>
  <datafield tag="010" ind1=" " ind2=" ">
    <subfield code="a">no2001052862</subfield>
  </datafield>
  <datafield tag="035" ind1=" " ind2=" ">
    <subfield code="a">(OCoLC)oca05526982</subfield>
  </datafield>
  <datafield tag="040" ind1=" " ind2=" ">
    <subfield code="a">NjP</subfield>
    <subfield code="b">eng</subfield>
    <subfield code="c">NjP</subfield>
  </datafield>
  <datafield tag="100" ind1="0" ind2=" ">
    <subfield code="a">Rusçuklu Hayri</subfield>
  </datafield>
  <datafield tag="400" ind1="1" ind2=" ">
    <subfield code="a">Rusçuklu, Hayri</subfield>
  </datafield>
  <datafield tag="400" ind1="0" ind2=" ">
    <subfield code="a">Hayri,</subfield>
    <subfield code="c">Rusçuklu</subfield>
  </datafield>
  <datafield tag="670" ind1=" " ind2=" ">
    <subfield code="a">Seyir-i faruk, 1886:</subfield>
    <subfield code="b">t.p. (Rusçuklu Hayri, Aydın Vilayeti İdare Meclisi başkâtibi)</subfield>
  </datafield>
  <datafield tag="670" ind1=" " ind2=" ">
    <subfield code="a">Özege</subfield>
    <subfield code="b">no. 18174 (Hayri Ruscuklu)</subfield>
  </datafield>
  <datafield tag="670" ind1=" " ind2=" ">
    <subfield code="a">Türk bas. toplu kat.</subfield>
    <subfield code="b">(Hayri, Rusçuklu)</subfield>
  </datafield>
  <datafield tag="675" ind1=" " ind2=" ">
    <subfield code="a">Büyük lûgat ve ansik.;</subfield>
    <subfield code="a">İst. Üniv. Kütüp. Türkçe bas. alfabe kat.;</subfield>
    <subfield code="a">Türk dili ve edeb. ansik.</subfield>
  </datafield>
</record>